@article{millman2014developing,
  title={Developing open-source scientific practice},
  author={Millman, K. Jarrod and P{\'e}rez, Fernando},
  journal={Implementing reproducible research. CRC Press, Boca Raton, FL},
  pages={149--183},
  year={2014}
}

@mastersthesis{millman2015thesis,
  title={\texttt{permute}---a {P}ython package for permutation tests and confidence sets},
  author={Millman, K. Jarrod},
  year={May 2015},
  school={University of California, Berkeley}
}
